@article{graves2014neural,
  title={Neural Turing Machines},
  author={Graves, Alex and Wayne, Greg and Danihelka, Ivo},
  journal={arXiv preprint arXiv:1410.5401},
  year={2014}
}

@article{pan2010survey,
  title={A survey on transfer learning},
  author={Pan, Sinno Jialin and Yang, Qiang},
  journal={Knowledge and Data Engineering, IEEE Transactions on},
  volume={22},
  number={10},
  pages={1345--1359},
  year={2010},
  publisher={IEEE}
}

@inproceedings{glorot2011domain,
  title={Domain adaptation for large-scale sentiment classification: A deep learning approach},
  author={Glorot, Xavier and Bordes, Antoine and Bengio, Yoshua},
  booktitle={Proceedings of the 28th International Conference on Machine Learning (ICML-11)},
  pages={513--520},
  year={2011}
}

@inproceedings{yosinski2014transferable,
  title={How transferable are features in deep neural networks?},
  author={Yosinski, Jason and Clune, Jeff and Bengio, Yoshua and Lipson, Hod},
  booktitle={Advances in Neural Information Processing Systems},
  pages={3320--3328},
  year={2014}
}

@article{bengio2012deep,
  title={Deep learning of representations for unsupervised and transfer learning},
  author={Bengio, Yoshua},
  journal={Unsupervised and Transfer Learning Challenges in Machine Learning},
  volume={7},
  pages={19},
  year={2012}
}

@article{gregor2015draw,
  title={DRAW: A recurrent neural network for image generation},
  author={Gregor, Karol and Danihelka, Ivo and Graves, Alex and Wierstra, Daan},
  journal={arXiv preprint arXiv:1502.04623},
  year={2015}
}

@article{hochreiter1997long,
  title={Long short-term memory},
  author={Hochreiter, Sepp and Schmidhuber, JÃ¼rgen},
  journal={Neural computation},
  volume={9},
  number={8},
  pages={1735--1780},
  year={1997},
  publisher={MIT Press}
}

@article{baldauf2014neural,
  title={Neural mechanisms of object-based attention},
  author={Baldauf, Daniel and Desimone, Robert},
  journal={Science},
  volume={344},
  number={6182},
  pages={424--427},
  year={2014},
  publisher={American Association for the Advancement of Science}
}

@inproceedings{hastad1986almost,
  title={Almost optimal lower bounds for small depth circuits},
  author={Hastad, Johan},
  booktitle={Proceedings of the eighteenth annual ACM symposium on Theory of computing},
  pages={6--20},
  year={1986},
  organization={ACM}
}

@article{mnih2015human,
  title={Human-level control through deep reinforcement learning},
  author={Mnih, Volodymyr and Kavukcuoglu, Koray and Silver, David and Rusu, Andrei A and Veness, Joel and Bellemare, Marc G and Graves, Alex and Riedmiller, Martin and Fidjeland, Andreas K and Ostrovski, Georg and others},
  journal={Nature},
  volume={518},
  number={7540},
  pages={529--533},
  year={2015},
  publisher={Nature Publishing Group}
}

@article{goodfellow2013empirical,
  title={An empirical investigation of catastrophic forgeting in gradient-based neural networks},
  author={Goodfellow, Ian J and Mirza, Mehdi and Xiao, Da and Courville, Aaron and Bengio, Yoshua},
  journal={arXiv preprint arXiv:1312.6211},
  year={2013}
}

@article{jacobs1991adaptive,
  title={Adaptive mixtures of local experts},
  author={Jacobs, Robert A and Jordan, Michael I and Nowlan, Steven J and Hinton, Geoffrey E},
  journal={Neural computation},
  volume={3},
  number={1},
  pages={79--87},
  year={1991},
  publisher={MIT Press}
}

@article{jacobs1991task,
  title={Task decomposition through competition in a modular connectionist architecture: The what and where vision tasks},
  author={Jacobs, Robert A and Jordan, Michael I and Barto, Andrew G},
  journal={Cognitive Science},
  volume={15},
  number={2},
  pages={219--250},
  year={1991},
  publisher={Wiley Online Library}
}

@article{papandreou2014modeling,
  title={Modeling Image Patches with a Generic Dictionary of Mini-Epitomes},
  author={Papandreou, George and Chicago, TTI and Chen, Liang-Chieh and Yuille, Alan L},
  year={2014},
  publisher={hgpu. org}
}

@article{desjardins2012disentangling,
  title={Disentangling factors of variation via generative entangling},
  author={Desjardins, Guillaume and Courville, Aaron and Bengio, Yoshua},
  journal={arXiv preprint arXiv:1210.5474},
  year={2012}
}
@inproceedings{kulkarni2015picture,
  title={Picture: A Probabilistic Programming Language for Scene Perception},
  author={Kulkarni, Tejas D and Kohli, Pushmeet and Tenenbaum, Joshua B and Mansinghka, Vikash},
  booktitle={Proceedings of the IEEE Conference on Computer Vision and Pattern Recognition},
  pages={4390--4399},
  year={2015}
}

@inproceedings{ranzato2007unsupervised
,
  title={Unsupervised learning of invariant feature hierarchies with applications to object recognition},
  author={Ranzato, M and Huang, Fu Jie and Boureau, Y-L and LeCun, Yann},
  booktitle={Computer Vision and Pattern Recognition, 2007. CVPR'07. IEEE Conference on},
  pages={1--8},
  year={2007},
  organization={IEEE}
}
 @article{paysan2009face,
          title={A 3D Face Model for Pose and Illumination Invariant Face Recognition},
          author={P. Paysan and R. Knothe and B. Amberg
                  and S. Romdhani and T. Vetter},
          journal={Proceedings of the 6th IEEE International Conference on Advanced Video and Signal based Surveillance (AVSS)
               for Security, Safety and Monitoring in Smart Environments},
          organization={IEEE},
          year={2009},
          address     = {Genova, Italy},
          }

@article{tang2012deep,
  title={Deep Lambertian Networks},
  author={Tang, Yichuan and Salakhutdinov, Ruslan and Hinton, Geoffrey},
  journal={arXiv preprint arXiv:1206.6445},
  year={2012}
}
@article{dosovitskiy2015learning,
     author    = {A. Dosovitskiy and J. Springenberg and T. Brox},
     title     = {Learning to Generate Chairs with Convolutional Neural Networks},
     journal   = {arXiv:1411.5928},
     year      = {2015},
}

@article{veldadi2014matconvnet,
     author    = {A. Vedaldi and K. Lenc},
     title     = {MatConvNet -- Convolutional Neural Networks for MATLAB},
     journal   = {CoRR},
     volume    = {abs/1412.4564},
     year      = {2014},
}
@incollection{nair2008analysis,
  title={Analysis-by-synthesis by learning to invert generative black boxes},
  author={Nair, Vinod and Susskind, Josh and Hinton, Geoffrey E},
  booktitle={Artificial Neural Networks-ICANN 2008},
  pages={971--981},
  year={2008},
  publisher={Springer}
}
@article{cohen2014learning,
  title={Learning the irreducible representations of commutative Lie groups},
  author={Cohen, Taco and Welling, Max},
  journal={arXiv preprint arXiv:1402.4437},
  year={2014}
}

@inproceedings{yildrim2015explaining,
  title={Explaining monkey face patch system as deep inverse graphics},
  author={Yildrim, Ilker and Kulkarni, Tejas and Freiwald, Winrich and Tenenbaum, Joshua},
  booktitle={Computational and Systems Neuroscience},
  year={2015}
}

@inproceedings{lee2009convolutional,
  title={Convolutional deep belief networks for scalable unsupervised learning of hierarchical representations},
  author={Lee, Honglak and Grosse, Roger and Ranganath, Rajesh and Ng, Andrew Y},
  booktitle={Proceedings of the 26th Annual International Conference on Machine Learning},
  pages={609--616},
  year={2009},
  organization={ACM}
}
@incollection{masci2011stacked,
  title={Stacked convolutional auto-encoders for hierarchical feature extraction},
  author={Masci, Jonathan and Meier, Ueli and Cire{\c{s}}an, Dan and Schmidhuber, J{\"u}rgen},
  booktitle={Artificial Neural Networks and Machine Learning--ICANN 2011},
  pages={52--59},
  year={2011},
  publisher={Springer}
}
@article{vincent2010stacked,
  title={Stacked denoising autoencoders: Learning useful representations in a deep network with a local denoising criterion},
  author={Vincent, Pascal and Larochelle, Hugo and Lajoie, Isabelle and Bengio, Yoshua and Manzagol, Pierre-Antoine},
  journal={The Journal of Machine Learning Research},
  volume={11},
  pages={3371--3408},
  year={2010},
  publisher={JMLR. org}
}
@inproceedings{salakhutdinov2009deep,
  title={Deep boltzmann machines},
  author={Salakhutdinov, Ruslan and Hinton, Geoffrey E},
  booktitle={International Conference on Artificial Intelligence and Statistics},
  pages={448--455},
  year={2009}
}
@article{bengio2009learning,
  title={Learning deep architectures for AI},
  author={Bengio, Yoshua},
  journal={Foundations and trends{\textregistered} in Machine Learning},
  volume={2},
  number={1},
  pages={1--127},
  year={2009},
  publisher={Now Publishers Inc.}
}

@article{hinton2006fast,
  title={A fast learning algorithm for deep belief nets},
  author={Hinton, Geoffrey and Osindero, Simon and Teh, Yee-Whye},
  journal={Neural computation},
  volume={18},
  number={7},
  pages={1527--1554},
  year={2006},
  publisher={MIT Press}
}

@article{lecun1995convolutional,
  title={Convolutional networks for images, speech, and time series},
  author={LeCun, Yann and Bengio, Yoshua},
  journal={The handbook of brain theory and neural networks},
  volume={3361},
  year={1995},
  publisher={Cambridge, MA: MIT Press}
}

@article{van2008visualizing,
  title={Visualizing data using t-SNE},
  author={Van der Maaten, Laurens and Hinton, Geoffrey},
  journal={Journal of Machine Learning Research},
  volume={9},
  number={2579-2605},
  pages={85},
  year={2008}
}
@article{murray2009elliptical,
  title={Elliptical slice sampling},
  author={Murray, Iain and Adams, Ryan Prescott and MacKay, David JC},
  journal={arXiv preprint arXiv:1001.0175},
  year={2009}
}

@article{martin2004learning,
  title={Learning to detect natural image boundaries using local brightness, color, and texture cues},
  author={Martin, David R and Fowlkes, Charless C and Malik, Jitendra},
  journal={Pattern Analysis and Machine Intelligence, IEEE Transactions on},
  volume={26},
  number={5},
  pages={530--549},
  year={2004},
  publisher={IEEE}
}

@article{portilla2000parametric,
  title={A parametric texture model based on joint statistics of complex wavelet coefficients},
  author={Portilla, Javier and Simoncelli, Eero P},
  journal={International Journal of Computer Vision},
  volume={40},
  number={1},
  pages={49--70},
  year={2000},
  publisher={Springer}
}

@incollection{gupta2010blocks,
  title={Blocks world revisited: Image understanding using qualitative geometry and mechanics},
  author={Gupta, Abhinav and Efros, Alexei A and Hebert, Martial},
  booktitle={Computer Vision--ECCV 2010},
  pages={482--496},
  year={2010},
  publisher={Springer}
}

@phdthesis{havemann2005generative,
  title={Generative mesh modeling.},
  author={Havemann, Sven and Fellner, Dieter W},
  year={2005},
  school={University of Braunschweig-Institute of Technology}
}

@inproceedings{zhou2010deformation,
  title={Deformation Transfer to Multi-Component Objects},
  author={Zhou, Kun and Xu, Weiwei and Tong, Yiying and Desbrun, Mathieu},
  booktitle={Computer Graphics Forum},
  volume={29},
  number={2},
  pages={319--325},
  year={2010},
  organization={Wiley Online Library}
}

@inproceedings{yang2011articulated,
  title={Articulated pose estimation with flexible mixtures-of-parts},
  author={Yang, Yi and Ramanan, Deva},
  booktitle={Computer Vision and Pattern Recognition (CVPR), 2011 IEEE Conference on},
  pages={1385--1392},
  year={2011},
  organization={IEEE}
}
@article{russell2008labelme,
  title={LabelMe: a database and web-based tool for image annotation},
  author={Russell, Bryan C and Torralba, Antonio and Murphy, Kevin P and Freeman, William T},
  journal={International journal of computer vision},
  volume={77},
  number={1-3},
  pages={157--173},
  year={2008},
  publisher={Springer}
}

@inproceedings{schuldt2004recognizing,
  title={Recognizing human actions: a local SVM approach},
  author={Schuldt, Christian and Laptev, Ivan and Caputo, Barbara},
  booktitle={Pattern Recognition, 2004. ICPR 2004. Proceedings of the 17th International Conference on},
  volume={3},
  pages={32--36},
  year={2004},
  organization={IEEE}
}
@techreport{barron2013shape,
  title={Shape, Illumination, and Reflectance from Shading},
  author={Barron, Jonathan and Malik, Jitendra},
  year={2013},
  institution={Berkeley Tech Report}
}

@article{dollar2013structured,
  title={Structured Forests for Fast Edge Detection},
  author={Doll{\'a}r, Piotr and Zitnick, C Lawrence},
  year={2013}
}

@article{csillery2010approximate,
  title={Approximate Bayesian computation (ABC) in practice},
  author={Csill{\'e}ry, Katalin and Blum, Michael GB and Gaggiotti, Oscar E and Fran{\c{c}}ois, Olivier},
  journal={Trends in ecology \& evolution},
  volume={25},
  number={7},
  pages={410--418},
  year={2010},
  publisher={Elsevier}
}

@article{kingma2013auto,
  title={Auto-encoding variational bayes},
  author={Kingma, Diederik P and Welling, Max},
  journal={arXiv preprint arXiv:1312.6114},
  year={2013}
}
@incollection{hinton2011transforming,
  title={Transforming auto-encoders},
  author={Hinton, Geoffrey E and Krizhevsky, Alex and Wang, Sida D},
  booktitle={Artificial Neural Networks and Machine Learning--ICANN 2011},
  pages={44--51},
  year={2011},
  publisher={Springer}
}
@article{bengio2013deep,
  title={Deep generative stochastic networks trainable by backprop},
  author={Bengio, Yoshua and Thibodeau-Laufer, Eric and Alain, Guillaume and Yosinski, Jason},
  journal={arXiv preprint arXiv:1306.1091},
  year={2013}
}
@inproceedings{zeiler2010deconvolutional,
  title={Deconvolutional networks},
  author={Zeiler, Matthew D and Krishnan, Dilip and Taylor, Graham W and Fergus, Robert},
  booktitle={Computer Vision and Pattern Recognition (CVPR), 2010 IEEE Conference on},
  pages={2528--2535},
  year={2010},
  organization={IEEE}
}
@article{tenenbaum2000separating,
  title={Separating style and content with bilinear models},
  author={Tenenbaum, Joshua B and Freeman, William T},
  journal={Neural computation},
  volume={12},
  number={6},
  pages={1247--1283},
  year={2000},
  publisher={MIT Press}
}
@article{kulkarni2014variational,
  title={Variational Particle Approximations},
  author={Kulkarni, Tejas D and Saeedi, Ardavan and Gershman, Samuel},
  journal={arXiv preprint arXiv:1402.5715},
  year={2014}
}

@article{rmsprop,
  title={Lecture 6.5 - rmsprop, COURSERA: Neural Networks for Machine Learning},
  author={Tieleman, T. and Hinton, G.},
  year={2012}
}

@phdthesis{tieleman2014optimizing,
  title={Optimizing Neural Networks that Generate Images},
  author={Tieleman, Tijmen},
  year={2014},
  school={University of Toronto}
}
@inproceedings{goodfellow2009measuring,
  title={Measuring invariances in deep networks},
  author={Goodfellow, Ian and Lee, Honglak and Le, Quoc V and Saxe, Andrew and Ng, Andrew Y},
  booktitle={Advances in neural information processing systems},
  pages={646--654},
  year={2009}
}
@article{bengio2013representation,
  title={Representation learning: A review and new perspectives},
  author={Bengio, Yoshua and Courville, Aaron and Vincent, Pascal},
  journal={Pattern Analysis and Machine Intelligence, IEEE Transactions on},
  volume={35},
  number={8},
  pages={1798--1828},
  year={2013},
  publisher={IEEE}
}
@article{kulkarni2014inverse,
  title={Inverse Graphics with Probabilistic CAD Models},
  author={Kulkarni, Tejas D and Mansinghka, Vikash K and Kohli, Pushmeet and Tenenbaum, Joshua B},
  journal={arXiv preprint arXiv:1407.1339},
  year={2014}
}


@inproceedings{mansinghka2013approximate,
  title={Approximate Bayesian image interpretation using generative probabilistic graphics programs},
  author={Mansinghka, Vikash and Kulkarni, Tejas D and Perov, Yura N and Tenenbaum, Josh},
  booktitle={Advances in Neural Information Processing Systems},
  pages={1520--1528},
  year={2013}
}

@inproceedings{zuffi2013estimating,
  title={Estimating Human Pose with Flowing Puppets},
  author={Zuffi, Silvia and Romero, Javier and Schmid, Cordelia and Black, Michael J and others},
  booktitle={IEEE Intenational Conference on Computer Vision (ICCV)},
  year={2013}
}

@inproceedings{xiao2012localizing,
  title={Localizing 3D cuboids in single-view images.},
  author={Xiao, Jianxiong and Russell, Bryan C and Torralba, Antonio},
  booktitle={NIPS},
  volume={2},
  pages={4},
  year={2012}
}

@inproceedings{lowe1999object,
  author    = {David G. Lowe},
  title     = {Object Recognition from Local Scale-Invariant Features},
  booktitle = {ICCV},
  year      = {1999},
  pages     = {1150-1157}
}

@inproceedings{del2012bayesian,
  title={Bayesian geometric modeling of indoor scenes},
  author={Del Pero, L and Bowdish, J and Fried, Daniel and Kermgard, B and Hartley, E and Barnard, Kobus},
  booktitle={Computer Vision and Pattern Recognition (CVPR), 2012 IEEE Conference on},
  pages={2719--2726},
  year={2012},
  organization={IEEE}
}

@article{wingate2011nonstandard,
  title={Nonstandard interpretations of probabilistic programs for efficient inference},
  author={Wingate, David and Goodman, Noah D and Stuhlmueller, A and Siskind, J},
  journal={Advances in Neural Information Processing Systems},
  volume={23},
  year={2011}
}
@inproceedings{Zhao2011image,
        author="Yibiao Zhao and Song-Chun Zhu",
      title="Image Parsing via Stochastic Scene Grammar",
      booktitle="Advances in Neural Information Processing Systems",
      year="2011"
  }


@techreport{baumgart1974geometric,
  title={Geometric Modeling for Computer Vision.},
  author={Baumgart, Bruce Guenther},
  year={1974},
  institution={DTIC Document}
}
@inproceedings{yang2011articulated,
  title={Articulated pose estimation with flexible mixtures-of-parts},
  author={Yang, Yi and Ramanan, Deva},
  booktitle={Computer Vision and Pattern Recognition (CVPR), 2011 IEEE Conference on},
  pages={1385--1392},
  year={2011},
  organization={IEEE}
}
@article{tu2005image,
  title={Image parsing: Unifying segmentation, detection, and recognition},
  author={Tu, Zhuowen and Chen, Xiangrong and Yuille, Alan L and Zhu, Song-Chun},
  journal={International Journal of Computer Vision},
  volume={63},
  number={2},
  pages={113--140},
  year={2005},
  publisher={Springer}
}
@incollection{hirshberg2012coregistration,
  title={Coregistration: Simultaneous alignment and modeling of articulated 3D shape},
  author={Hirshberg, David A and Loper, Matthew and Rachlin, Eric and Black, Michael J},
  booktitle={Computer Vision--ECCV 2012},
  pages={242--255},
  year={2012},
  publisher={Springer}
}

@Manual{blender,
   title = {Blender - a 3D modelling and rendering package},
   author = {{Blender Online Community}},
   organization = {Blender Foundation},
   address = {Blender Institute, Amsterdam},
   year = {%s},
   url = {http://www.blender.org},
 }


@inproceedings{blanz1999morphable,
  title={A morphable model for the synthesis of 3D faces},
  author={Blanz, Volker and Vetter, Thomas},
  booktitle={Proceedings of the 26th annual conference on Computer graphics and interactive techniques},
  pages={187--194},
  year={1999},
  organization={ACM Press/Addison-Wesley Publishing Co.}
}

@article{ahissar2004reverse,
  title={The reverse hierarchy theory of visual perceptual learning},
  author={Ahissar, Merav and Hochstein, Shaul},
  journal={Trends in cognitive sciences},
  volume={8},
  number={10},
  pages={457--464},
  year={2004},
  publisher={Elsevier}
}

@inproceedings{bernardo1998regression,
  title={Regression and classification using Gaussian process priors},
  author={Bernardo, JM and Berger, JO and Dawid, AP and Smith, AFM and others},
  booktitle={Bayesian Statistics 6: Proceedings of the sixth Valencia international meeting},
  volume={6},
  pages={475},
  year={1998}
}

@article{wilkinson2013approximate,
  title={Approximate Bayesian computation (ABC) gives exact results under the assumption of model error},
  author={Wilkinson, Richard David},
  journal={Statistical applications in genetics and molecular biology},
  volume={12},
  number={2},
  pages={129--141},
  year={2013}
}

@inproceedings{deng2009imagenet,
  title={Imagenet: A large-scale hierarchical image database},
  author={Deng, Jia and Dong, Wei and Socher, Richard and Li, Li-Jia and Li, Kai and Fei-Fei, Li},
  booktitle={Computer Vision and Pattern Recognition, 2009. CVPR 2009. IEEE Conference on},
  pages={248--255},
  year={2009},
  organization={IEEE}
}

@article{sermanet2013overfeat,
  title={Overfeat: Integrated recognition, localization and detection using convolutional networks},
  author={Sermanet, Pierre and Eigen, David and Zhang, Xiang and Mathieu, Micha{\"e}l and Fergus, Rob and LeCun, Yann},
  journal={arXiv preprint arXiv:1312.6229},
  year={2013}
}

@article{farabet2012scene,
  title={Scene parsing with multiscale feature learning, purity trees, and optimal covers},
  author={Farabet, Cl{\'e}ment and Couprie, Camille and Najman, Laurent and LeCun, Yann},
  journal={arXiv preprint arXiv:1202.2160},
  year={2012}
}

@inproceedings{krizhevsky2012imagenet,
  title={Imagenet classification with deep convolutional neural networks},
  author={Krizhevsky, Alex and Sutskever, Ilya and Hinton, Geoffrey E},
  booktitle={Advances in neural information processing systems},
  pages={1097--1105},
  year={2012}
}

@article{yuille2006vision,
  title={Vision as Bayesian inference: analysis by synthesis?},
  author={Yuille, Alan and Kersten, Daniel},
  journal={Trends in cognitive sciences},
  volume={10},
  number={7},
  pages={301--308},
  year={2006},
  publisher={Elsevier}
}
@inproceedings{dalal2005histograms,
  author    = {Navneet Dalal and
               Bill Triggs},
  title     = {Histograms of Oriented Gradients for Human Detection},
  booktitle = {CVPR},
  year      = {2005},
  pages     = {886-893}
}

@article{rasmussen2006gaussian,
  title={Gaussian processes for machine learning},
  author={Rasmussen, Carl Edward},
  year={2006},
  publisher={Citeseer}
}

@article{zhuowen2002image,
  title={Image segmentation by data-driven Markov chain Monte Carlo},
  author={Tu, Zhuowen and Zhu, Song-Chun},
  journal={PAMI},
  volume={24},
  number={5},
  pages={657--673},
  year={2002}
}

@inproceedings{aubry2014seeing,
  title={Seeing 3D chairs: exemplar part-based 2D-3D alignment using a large dataset of CAD models},
  author={Aubry, Mathieu and Maturana, Daniel and Efros, Alexei, and Russell, Bryan and Sivic, Josef},
  booktitle={CVPR},
  year={2014},
}

@InProceedings{mottaghi2014role,
 author       = {Roozbeh Mottaghi and Xianjie Chen and Xiaobai Liu and Nam-Gyu Cho and Seong-Whan Lee and Sanja Fidler and Raquel Urtasun and Alan Yuille},
 title        = {The Role of Context for Object Detection and Semantic Segmentation in the Wild},
 booktitle    = {IEEE Conference on Computer Vision and Pattern Recognition (CVPR)},
 year         = {2014},
}

@article{jampani2015informed,
  title={The informed sampler: A discriminative approach to Bayesian inference in generative computer vision models},
  author={Jampani, Varun and Nowozin, Sebastian and Loper, Matthew and Gehler, Peter V},
  journal={Computer Vision and Image Understanding},
  volume={136},
  pages={32--44},
  year={2015},
  publisher={Elsevier}
}

@article{erhan2009visualizing,
  title={Visualizing higher-layer features of a deep network},
  author={Erhan, Dumitru and Bengio, Yoshua and Courville, Aaron and Vincent, Pascal},
  journal={Dept. IRO, Universit{\'e} de Montr{\'e}al, Tech. Rep},
  volume={4323},
  year={2009}
}

@incollection{zeiler2014visualizing,
  title={Visualizing and understanding convolutional networks},
  author={Zeiler, Matthew D and Fergus, Rob},
  booktitle={Computer Vision--ECCV 2014},
  pages={818--833},
  year={2014},
  publisher={Springer}
}

@article{mahendran2014understanding,
  title={Understanding deep image representations by inverting them},
  author={Mahendran, Aravindh and Vedaldi, Andrea},
  journal={arXiv preprint arXiv:1412.0035},
  year={2014}
}
@inproceedings{liang2010learning,
  title={Learning programs: A hierarchical Bayesian approach},
  author={Liang, Percy and Jordan, Michael I and Klein, Dan},
  booktitle={Proceedings of the 27th International Conference on Machine Learning (ICML-10)},
  pages={639--646},
  year={2010}
}
@article{zaremba2015learning,
  title={Learning Simple Algorithms from Examples},
  author={Zaremba, Wojciech and Mikolov, Tomas and Joulin, Armand and Fergus, Rob},
  journal={arXiv preprint arXiv:1511.07275},
  year={2015}
}
@article{neelakantan2015neural,
  title={Neural Programmer: Inducing latent programs with gradient descent},
  author={Neelakantan, Arvind and Le, Quoc V and Sutskever, Ilya},
  journal={arXiv preprint arXiv:1511.04834},
  year={2015}
}
@article{reed2015neural,
  title={Neural Programmer-Interpreters},
  author={Reed, Scott and de Freitas, Nando},
  journal={arXiv preprint arXiv:1511.06279},
  year={2015}
}
@article{zaremba2014learning,
  title={Learning to execute},
  author={Zaremba, Wojciech and Sutskever, Ilya},
  journal={arXiv preprint arXiv:1410.4615},
  year={2014}
}
@article{williams1992simple,
  title={Simple statistical gradient-following algorithms for connectionist reinforcement learning},
  author={Williams, Ronald J},
  journal={Machine learning},
  volume={8},
  number={3-4},
  pages={229--256},
  year={1992},
  publisher={Springer}
}
@inproceedings{sukhbaatar2015end,
  title={End-to-end memory networks},
  author={Sukhbaatar, Sainbayar and Weston, Jason and Fergus, Rob and others},
  booktitle={Advances in Neural Information Processing Systems},
  pages={2431--2439},
  year={2015}
}
@article{zaremba2015reinforcement,
  title={Reinforcement Learning Neural Turing Machines},
  author={Zaremba, Wojciech and Sutskever, Ilya},
  journal={arXiv preprint arXiv:1505.00521},
  year={2015}
}
@inproceedings{mobahi2015theoretical,
  title={A Theoretical Analysis of Optimization by Gaussian Continuation},
  author={Mobahi, Hossein and Fisher III, John W},
  booktitle={Twenty-Ninth AAAI Conference on Artificial Intelligence},
  year={2015}
}
@inproceedings{bengio2009curriculum,
  title={Curriculum learning},
  author={Bengio, Yoshua and Louradour, J{\'e}r{\^o}me and Collobert, Ronan and Weston, Jason},
  booktitle={Proceedings of the 26th annual international conference on machine learning},
  pages={41--48},
  year={2009},
  organization={ACM}
}
@article{radford2015unsupervised,
  title={Unsupervised Representation Learning with Deep Convolutional Generative Adversarial Networks},
  author={Radford, Alec and Metz, Luke and Chintala, Soumith},
  journal={arXiv preprint arXiv:1511.06434},
  year={2015}
}
@article{kulkarni2015deep,
  title={Deep Convolutional Inverse Graphics Network},
  author={Kulkarni, Tejas D and Whitney, Will and Kohli, Pushmeet and Tenenbaum, Joshua B},
  journal={arXiv preprint arXiv:1503.03167},
  year={2015}
}
@inproceedings{jaderberg2015spatial,
  title={Spatial transformer networks},
  author={Jaderberg, Max and Simonyan, Karen and Zisserman, Andrew and others},
  booktitle={Advances in Neural Information Processing Systems},
  pages={2008--2016},
  year={2015}
}
@article{burda2015importance,
  title={Importance weighted autoencoders},
  author={Burda, Yuri and Grosse, Roger and Salakhutdinov, Ruslan},
  journal={arXiv preprint arXiv:1509.00519},
  year={2015}
}
@article{mansimov2015generating,
  title={Generating Images from Captions with Attention},
  author={Mansimov, Elman and Parisotto, Emilio and Ba, Jimmy Lei and Salakhutdinov, Ruslan},
  journal={arXiv preprint arXiv:1511.02793},
  year={2015}
}
@article{lake2015human,
  title={Human-level concept learning through probabilistic program induction},
  author={Lake, Brenden M and Salakhutdinov, Ruslan and Tenenbaum, Joshua B},
  journal={Science},
  volume={350},
  number={6266},
  pages={1332--1338},
  year={2015},
  publisher={American Association for the Advancement of Science}
}
@inproceedings{yang2015weakly,
  title={Weakly-supervised disentangling with recurrent transformations for 3d view synthesis},
  author={Yang, Jimei and Reed, Scott E and Yang, Ming-Hsuan and Lee, Honglak},
  booktitle={Advances in Neural Information Processing Systems},
  pages={1099--1107},
  year={2015}
}
@inproceedings{theis2015generative,
  title={Generative image modeling using spatial LSTMs},
  author={Theis, Lucas and Bethge, Matthias},
  booktitle={Advances in Neural Information Processing Systems},
  pages={1918--1926},
  year={2015}
}
@article{he2015delving,
  title={Delving deep into rectifiers: Surpassing human-level performance on imagenet classification},
  author={He, Kaiming and Zhang, Xiangyu and Ren, Shaoqing and Sun, Jian},
  journal={arXiv preprint arXiv:1502.01852},
  year={2015}
}
